@misc{
    class1,
    title="Черноморова,~Т.~С. Классификация и принципы построения систем
	вопросно-ответного поиска~/ Т.~С. Черноморова, С.~П. Воробьев~//~Бюллетень науки и практики. --- 2020. --- Т. 6, № 8. --- С. 145--156"
}

@misc{
    art1,
    title="Рыбак,~К.~В. Обзор современного состояния интеллектуальных вопросно-ответных систем~/ К.~В. Рыбак, А.~В. Кошкаров~//~Вестник науки. --- 2020. --- Т. 1, № 6. --- С. 202--205"
}

@misc{
    step1,
    title="Соловьев,~А.~А. Построение вопросно-ответной системы для русского
	языка: модуль анализа вопросов~/ А.~А. Соловьев, О.~В. Пескова~//~Новые информационные технологии в автоматизированных
	системах: материалы 13-го научно-практического семинара. --- М.: МИЭМ, 2010. --- С. 41--49"
}

@article{step2,
	language={english},
	author = {Moldovan, Dan and Harabagiu, Sanda and Pasca, Marius and Mihalcea, Rada and Girju, Roxana and Goodrum, Richard and Rus, Vasile},
	title = {Moldovan, D. The Structure and Performance of an Open-Domain Question Answering System},
	journal = {ACL '00: Proceedings of the 38th Annual Meeting on Association for Computational Linguistics},
	publisher = {Association for Computational Linguistics},
	address = {Hong Kong},
	year = {2000},
	pages = {\mbox{563-570}}
}

@misc{
    step21,
    title="Деревянко,~Д.~В. Формальные методы разработки вопросно-ответной системы на естественном
	языке~/ Д.~В. Деревянко, Д.~Е. Пальчунов~//~Вестник Новосибирского государственного университета. Серия: Информационные технологии. --- Новосибирск: НГУ, 2014. --- Т. 12, № 3. --- С. 34--47"
}

@misc{
    step11,
    title="Schlaefer,~N. The Ephyra QA system at TREC 2006~/ N.~Schlaefer, P.~Gieselmann, G.~Sautter~//~Proceedings of the Fifteenth Text REtrieval Conference, TREC 2006. --- Gaithersburg, 2006. --- P. 34--47"
}

@misc{
    all,
    title="Allam,~A.~M.~N. The Question Answering Systems: A Survey~/ A.~M.~N.~Allam, M.~H.~Haggag~//~International Journal of Research and Reviews in Information Science (IJRRIS). --- 2012. --- Vol. 2, № 3. --- P. 10--21"
}

@article{ngramms,
	language={english},
	author = {Dumais, Susan and Banko, Michele and Brill, Eric and Lin, Jimmy and Ng, Andrew},
	title = {Dumais, S. Web question answering: is more always better?},
	journal = {SIGIR '02: Proceedings of the 25th annual international ACM SIGIR conference on Research and development in information retrieval},
	publisher = {Association for Computing Machinery},
	address = {New York},
	year = {2002},
	pages = {\mbox{291-298}}
}

@misc{
    step4,
    title="Соловьёв,~А.~А. Алгоритмы валидации ответов в задаче вопросно-ответного поиска~/ А.~А. Соловьёв~//~Вестник ВГУ. Серия: Системный анализ и информационные технологии. --- Воронеж: ВГУ, 2011. --- № 2. --- С.~181--188"
}

@misc{
    trees,
    title="Punyakanok,~V. Natural language interface via dependency
	tree mapping: An application to question answering~/ V.~Punyakanok, D.~Roth, W.~Yih~//~AI and Math. --- 2004. --- P. 22--34"
}

@article{maxentr,
	language = {english},
	author    = {Milan Gritta},
	title     = {A Comparison of Techniques for Sentiment Classification of Film Reviews},
	journal   = {CoRR},
	address = {},
	year      = {2019},
	note = {URL: \url{http://arxiv.org/abs/1905.04727}}
}

@misc{
    patterns,
    title="Ravichandran,~D. Learning Surface Text Patterns for a
	Question Answering System~/ D.~Ravichandran, E.~Hovy~//~Proceedings of the 40th Annual Meeting of the
	Association for Computational Linguistic. --- 2002. --- P. 41--47"
}

@misc{
    bag,
    title="Попов,~В.~В. Естественный текст: математические методы атрибуции~/ В.~В. Попов, Т.~В. Штельмах~//~Вестник Волгу. Серия 2: Языкознание. --- Волгоград: ВолГУ, 2019. --- Т. 18. --- С.~147--158"
}

@article{patterns2,
	language={english},
	author = {Abdessamad Echihabi and Ulf Hermjakob and Eduard Hovy and Daniel Marcu and Eric Melz and Deepak Ravichandran },
	title = {Echihabi, A. How To Select An Answer String?},
	journal = {Advances in Open Domain Question Answering},
	address = { Dallas},
	year = {2006},
	pages = {\mbox{383-406}}
}

@article{ns2,
	language={english},
	author = {Dragomir R. Radev and Weiguo Fan and Hong Qi and Harris Wu and Amardeep Grewal},
	title = {Radev, D.~R. Probabilistic question answering on the web},
	journal = {The 11th International World Wide Web Conference},
	address = {Honolulu: ACM},
	year = {2002},
	pages = {\mbox{408-419}}
}

@misc{
    valid,
    title="Соловьёв,~А.~А. Взвешенная погрешность — новая метрика для оценки качества валидации ответов в задаче вопросно-ответного поиска~/ А.~А. Соловьёв~//~Вестник МГТУ им. Н.Э. Баумана. Серия «Приборостроение». --- М.: МГТУ им. Н.~Э. Баумана, 2013. --- № 3. --- С. 58--64"
}




@article{name,
	language={russian},
	author = {А.~Д. Кузьмин},
	title = {Системы выделения именованных сущностей из текстов},
	journal = {Вестник науки},
	year = {2022},
	volume = {3},
	number = {7 (52)},
	pages = {\mbox{60-64}},
	note = {\url{https://cyberleninka.ru/article/n/sistemy-vydele
	niya-imenovannyh-suschnostey-iz-tekstov}}
}

@inbook{,
	author="Черноморова Т. С., Воробьев С. П.",
	title="Классификация и принципы построения систем
	вопросно-ответного поиска",
	publisher="--- Бюллетень науки и практики",
	pages="89 -- 98 ",
	language="russian",
	year=2011
}

@misc{,
	title="",
	howpublished="Режим доступа: \url{}",
	notes = "Дата обращения: "
}
